@book{NSH07,
	author = "Evi Nemeth and Garth Snyder and Trent R. Hein",
	title = "Manual Completo do Linux: Guia do Administrador",
	publisher = "Pearson",
	edition = "2",
	year = 2007
}
